<?xml version="1.0" encoding="UTF-8"?><record xmlns="http://www.loc.gov/MARC21/slim" xmlns:cinclude="http://apache.org/cocoon/include/1.0" xmlns:zs="http://www.loc.gov/zing/srw/">
  <leader>00550nz  a2200157n  4500</leader>
  <controlfield tag="001">n 2013057849</controlfield>
  <controlfield tag="003">DLC</controlfield>
  <controlfield tag="005">20130913171642.0</controlfield>
  <controlfield tag="008">130913n| azannaabn          |a aaa      </controlfield>
  <datafield tag="010" ind1=" " ind2=" ">
    <subfield code="a">n 2013057849</subfield>
  </datafield>
  <datafield tag="040" ind1=" " ind2=" ">
    <subfield code="a">DLC</subfield>
    <subfield code="b">eng</subfield>
    <subfield code="e">rda</subfield>
    <subfield code="c">DLC</subfield>
  </datafield>
  <datafield tag="100" ind1="1" ind2=" ">
    <subfield code="a">Sudermann, Hermann,</subfield>
    <subfield code="d">1857-1928.</subfield>
    <subfield code="t">Short stories.</subfield>
    <subfield code="k">Selections.</subfield>
    <subfield code="l">Spanish</subfield>
  </datafield>
  <datafield tag="377" ind1=" " ind2=" ">
    <subfield code="a">spa</subfield>
  </datafield>
  <datafield tag="400" ind1="1" ind2=" ">
    <subfield code="a">Sudermann, Hermann,</subfield>
    <subfield code="d">1857-1928.</subfield>
    <subfield code="t">Molino silencioso</subfield>
  </datafield>
  <datafield tag="400" ind1="1" ind2=" ">
    <subfield code="a">Sudermann, Hermann,</subfield>
    <subfield code="d">1857-1928.</subfield>
    <subfield code="t">Bodas de Yolanda ; El lirio de las Indias ; OtonĚo ; La donna e movile</subfield>
  </datafield>
  <datafield tag="670" ind1=" " ind2=" ">
    <subfield code="a">El molino silencioso, 1941</subfield>
  </datafield>
</record>